<?xml version="1.0" encoding="UTF-8"?><collection xmlns="http://www.loc.gov/MARC21/slim"><record><leader>00294nam--2200121-i-4500</leader><controlfield tag="001">000034785</controlfield><controlfield tag="002">20161230</controlfield><controlfield tag="005">20161230201040</controlfield><controlfield tag="008">060222s1000------------r-----000-0-eng-d</controlfield><datafield ind1=" " ind2=" " tag="100"><subfield code="a">Nadai, Ch.J.Noel</subfield></datafield><datafield ind1=" " ind2=" " tag="245"><subfield code="a">Le controle electronique des moteurs</subfield></datafield><datafield ind1=" " ind2=" " tag="260"><subfield code="a">Paris, Dunod 1948. 35p</subfield></datafield><datafield ind1=" " ind2=" " tag="852"><subfield code="a">508</subfield></datafield></record></collection>